@article{mueller1997structural,
  title={Structural equation modeling: Back to basics},
  author={Mueller, Ralph O},
  journal={Structural Equation Modeling: A Multidisciplinary Journal},
  volume={4},
  number={4},
  pages={353--369},
  year={1997},
  publisher={Taylor \& Francis}
}

@article{joreskog1996lisrel,
  title={LISREL 8: Userâ€™s reference guide (Scientific software International, Chicago)},
  author={Joreskog, KG and Sorbom, D},
  journal={Google Scholar},
  year={1996}
}

@book{bentler1995eqs,
  title={EQS structural equations program manual},
  author={Bentler, Peter M},
  year={1995},
  publisher={Multivariate software}
}

@article{yuefashiny,
  title={EFAshiny: An User-Friendly Shiny Application for Exploratory Factor Analysis},
  author={Yu, Chi-Lin and Sheu, Ching-Fan},
  journal={The Journal of Open Source Software},
  volume={3},
  number={22},
  pages={567},
  year={2018}
}@Manual{R-base,
  title = {R: A Language and Environment for Statistical Computing},
  author = {{R Core Team}},
  organization = {R Foundation for Statistical Computing},
  address = {Vienna, Austria},
  year = {2017},
  url = {https://www.R-project.org/},
}
@Manual{R-papaja,
  author = {Frederik Aust and Marius Barth},
  title = {{papaja}: {Create} {APA} manuscripts with {R Markdown}},
  year = {2017},
  note = {R package version 0.1.0.9655},
  url = {https://github.com/crsh/papaja},
}
