@article{steiger2001driving,
  title={Driving fast in reverse},
  author={Steiger, James H},
  journal={Journal of the American Statistical Association},
  volume={96},
  number={453},
  pages={331--338},
  year={2001},
  publisher={Taylor \& Francis}
}
@book{kelloway1998using,
  title={Using LISREL for structural equation modeling: A researcher's guide},
  author={Kelloway, E Kevin},
  year={1998},
  publisher={Sage}
}

@article{kline1998principles,
  title={Principles and Practice of Structural Equation Modeling, 3rd edn Guilford Press},
  author={Kline, RB},
  journal={New York},
  year={1998}
}

@book{maruyama1998basics,
  title={Basics of structural equation modeling},
  author={Maruyama, Geoffrey},
  year={1998},
  publisher={Sage}
}

@article{schumacker1998interaction,
  title={Interaction and nonlinear effects in structural equation modeling.},
  author={Schumacker, Randall E and Marcoulides, George A},
  year={1998},
  publisher={Lawrence Erlbaum Associates Publishers}
}

@article{wright2010examination,
  title={An examination of the role of attachment and efficacy in life satisfaction},
  author={Wright, Stephen L and Perrone, Kristin M},
  journal={The Counseling Psychologist},
  volume={38},
  number={6},
  pages={796--823},
  year={2010},
  publisher={Sage Publications Sage CA: Los Angeles, CA}
}

@article{sergi2006social,
  title={Social perception as a mediator of the influence of early visual processing on functional status in schizophrenia},
  author={Sergi, Mark J and Rassovsky, Yuri and Nuechterlein, Keith H and Green, Michael F},
  journal={American Journal of Psychiatry},
  volume={163},
  number={3},
  pages={448--454},
  year={2006},
  publisher={Am Psychiatric Assoc}
}@Manual{R-base,
  title = {R: A Language and Environment for Statistical Computing},
  author = {{R Core Team}},
  organization = {R Foundation for Statistical Computing},
  address = {Vienna, Austria},
  year = {2017},
  url = {https://www.R-project.org/},
}
@Manual{R-papaja,
  author = {Frederik Aust and Marius Barth},
  title = {{papaja}: {Create} {APA} manuscripts with {R Markdown}},
  year = {2017},
  note = {R package version 0.1.0.9655},
  url = {https://github.com/crsh/papaja},
}
