@incollection{bollen2013eight,
  title={Eight myths about causality and structural equation models},
  author={Bollen, Kenneth A and Pearl, Judea},
  booktitle={Handbook of causal analysis for social research},
  pages={301--328},
  year={2013},
  publisher={Springer}
}

@article{hershberger2003growth,
  title={The growth of structural equation modeling: 1994-2001},
  author={Hershberger, Scott L},
  journal={Structural Equation Modeling},
  volume={10},
  number={1},
  pages={35--46},
  year={2003},
  publisher={Taylor \& Francis}
}
@article{joreskog1996lisrel,
  title={LISREL 8: User’s reference guide (Scientific software International, Chicago)},
  author={Joreskog, KG and Sorbom, D},
  journal={Google Scholar},
  year={1996}
}

@book{bentler1995eqs,
  title={EQS structural equations program manual},
  author={Bentler, Peter M},
  year={1995},
  publisher={Multivariate software}
}

@article{arbuckle2011ibm,
  title={IBM SPSS Amos 20 User’s Guide: IBM Corporation},
  author={Arbuckle, JL},
  year={2011}
}

@book{muthen2010mplus,
  title={Mplus: Statistical analysis with latent variables: User's guide},
  author={Muth{\'e}n, Linda K and Muth{\'e}n, Bengt O},
  year={2010},
  publisher={Muth{\'e}n \& Muth{\'e}n Los Angeles}
}

@article{rosseel2012lavaan,
  title={Lavaan: An R package for structural equation modeling and more. Version 0.5--12 (BETA)},
  author={Rosseel, Yves},
  journal={Journal of statistical software},
  volume={48},
  number={2},
  pages={1--36},
  year={2012}
}

@article{kim2007unified,
  title={Unified structural equation modeling approach for the analysis of multisubject, multivariate functional MRI data},
  author={Kim, Jieun and Zhu, Wei and Chang, Linda and Bentler, Peter M and Ernst, Thomas},
  journal={Human Brain Mapping},
  volume={28},
  number={2},
  pages={85--93},
  year={2007},
  publisher={Wiley Online Library}
}

@article{gates2011extended,
  title={Extended unified SEM approach for modeling event-related fMRI data},
  author={Gates, Kathleen M and Molenaar, Peter CM and Hillary, Frank G and Slobounov, Semyon},
  journal={NeuroImage},
  volume={54},
  number={2},
  pages={1151--1158},
  year={2011},
  publisher={Elsevier}
}

@article{eklund2016cluster,
  title={Cluster failure: why fMRI inferences for spatial extent have inflated false-positive rates},
  author={Eklund, Anders and Nichols, Thomas E and Knutsson, Hans},
  journal={Proceedings of the National Academy of Sciences},
  volume={113},
  number={28},
  pages={7900--7905},
  year={2016},
  publisher={National Acad Sciences}
}

@article{violato2007use,
  title={How to use structural equation modeling in medical education research: A brief guide},
  author={Violato, Claudio and Hecker, Kent G},
  journal={Teaching and learning in medicine},
  volume={19},
  number={4},
  pages={362--371},
  year={2007},
  publisher={Taylor \& Francis}
}


@Manual{R-base,
  title = {R: A Language and Environment for Statistical Computing},
  author = {{R Core Team}},
  organization = {R Foundation for Statistical Computing},
  address = {Vienna, Austria},
  year = {2017},
  url = {https://www.R-project.org/},
}
@Manual{R-papaja,
  author = {Frederik Aust and Marius Barth},
  title = {{papaja}: {Create} {APA} manuscripts with {R Markdown}},
  year = {2017},
  note = {R package version 0.1.0.9655},
  url = {https://github.com/crsh/papaja},
}
